% Encoding: UTF-8

@book{wazlawick2017metodologia,
  title={Metodologia de pesquisa para ci{\^e}ncia da computa{\c{c}}{\~a}o},
  author={Wazlawick, Raul},
  volume={2},
  year={2017},
  publisher={Elsevier Brasil}
}


@inproceedings{maia2016reconceptualizing,
  title={Reconceptualizing planning: Conceiving new ways of planning educational processes with authoring tools},
  author={Maia, Ana and Lopes, JB and Martins, Paulo and Pessoa, Teresa},
  booktitle={2016 2nd International Conference of the Portuguese Society for Engineering Education (CISPEE)},
  pages={1--8},
  year={2016},
  organization={IEEE}
}